@misc{OpenCVadaptive,
   author = {OpenCV},
   title = "{Adaptive Threshold}",
   howpublished ={\url{https://docs.opencv.org/4.x/d7/d4d/tutorial_py_thresholding.html}}
 }

 @misc{CER,
   author = {Kenneth Leung},
   title = "{Evaluate OCR Output Quality with Character Error Rate (CER) and Word Error Rate (WER)}",
   howpublished ={\url{https://towardsdatascience.com/evaluating-ocr-output-quality-with-character-error-rate-cer-and-word-error-rate-wer-853175297510}}
 }
 
 @misc{nanonets,
   author = {Filip Zelic i Anuj Sable},
   title = "{How to OCR with Tesseract, OpenCV and Python}",
   howpublished ={\url{https://nanonets.com/blog/ocr-with-tesseract}}
 }
 
 @misc{superRes,
   author = {Xavier Weber},
   title = "{Deep Learning based Super Resolution with OpenCV}",
   howpublished ={\url{https://towardsdatascience.com/deep-learning-based-super-resolution-with-opencv-4fd736678066}}
 }
 
 @misc{guideOCR,
   author = {Anmol Parande},
   title = "{A Hitchhikerâ€™s Guide to OCR}",
   howpublished ={\url{https://medium.com/analytics-vidhya/a-hitchhikers-guide-to-ocr-8b869f4e3743}}
 }
 
 @misc{contour,
   author = {LearnOpenCV},
   title = "{Contour Detection using OpenCV (Python/C++)
}",
   howpublished ={\url{https://learnopencv.com/contour-detection-using-opencv-python-c/#Drawing-Contours-using-CHAIN_APPROX_SIMPLE}}
 }
 
 @misc{tesseract,
   author = {Tesseract},
   title = "{Tesseract documentation}",
   howpublished ={\url{https://tesseract-ocr.github.io/}}
 }

@misc{hough,
   author = {OpenCV},
   title = "{Hough Line Transform
}",
   howpublished ={\url{https://docs.opencv.org/3.4/d9/db0/tutorial_hough_lines.html}}
 }